<?xml version="1.0" encoding="UTF-8"?><collection xmlns="http://www.loc.gov/MARC21/slim"><record><leader>00427nam--2200133-i-4500</leader><controlfield tag="001">000014094</controlfield><controlfield tag="002">20161230</controlfield><controlfield tag="005">20161230201030</controlfield><controlfield tag="008">060222s1000------------r-----000-0-eng-d</controlfield><datafield ind1=" " ind2=" " tag="245"><subfield code="a">Dislocation dynamics</subfield></datafield><datafield ind1=" " ind2=" " tag="260"><subfield code="a">New York, Mcgraw-hill Book Co., 1968</subfield></datafield><datafield ind1=" " ind2=" " tag="490"><subfield code="a">Mcgraw-hill Series Ini Materials Science And Engineering</subfield></datafield><datafield ind1=" " ind2=" " tag="700"><subfield code="a">Rosenfield, Alan R., Hahn, George T., Bement, Arden L.And Jaffee, Robert I</subfield></datafield><datafield ind1=" " ind2=" " tag="852"><subfield code="a">620.191</subfield></datafield></record></collection>